@book{ID,
  author = {author},
  title = {title},
  date = {date},
  OPTeditor = {editor},
  OPTeditora = {editora},
  OPTeditorb = {editorb},
  OPTeditorc = {editorc},
  OPTtranslator = {translator},
  OPTannotator = {annotator},
  OPTcommentator = {commentator},
  OPTintroduction = {introduction},
  OPTforeword = {foreword},
  OPTafterword = {afterword},
  OPTsubtitle = {subtitle},
  OPTtitleaddon = {titleaddon},
  OPTmaintitle = {maintitle},
  OPTmainsubtitle = {mainsubtitle},
  OPTmaintitleaddon = {maintitleaddon},
  OPTlanguage = {language},
  OPToriglanguage = {origlanguage},
  OPTvolume = {volume},
  OPTpart = {part},
  OPTedition = {edition},
  OPTvolumes = {volumes},
  OPTseries = {series},
  OPTnumber = {number},
  OPTnote = {note},
  OPTpublisher = {publisher},
  OPTlocation = {location},
  OPTisbn = {isbn},
  OPTchapter = {chapter},
  OPTpages = {pages},
  OPTpagetotal = {pagetotal},
  OPTaddendum = {addendum},
  OPTpubstate = {pubstate},
  OPTdoi = {doi},
  OPTeprint = {eprint},
  OPTeprintclass = {eprintclass},
  OPTeprinttype = {eprinttype},
  OPTurl = {url},
  OPTurldate = {urldate},
}

@online{ID,
  ALTauthor = {author},
  ALTeditor = {editor},
  title = {title},
  date = {date},
  url = {url},
  OPTsubtitle = {subtitle},
  OPTtitleaddon = {titleaddon},
  OPTlanguage = {language},
  OPTversion = {version},
  OPTnote = {note},
  OPTorganization = {organization},
  OPTdate = {date},
  OPTmonth = {month},
  OPTyear = {year},
  OPTaddendum = {addendum},
  OPTpubstate = {pubstate},
  OPTurldate = {urldate},
}


@ONLINE{git-1.6-your-identity,
	title 			= {Getting Started - First-Time Git Setup},
	subtitle		= {Your Identity},
	url 			= {https://git-scm.com/book/en/v2/Getting-Started-First-Time-Git-Setup},
	organization 	= {Software Freedom Conservancy},
	urldate 		= {2018-03-15}
}